<?xml version="1.0" encoding="UTF-8"?><collection xmlns="http://www.loc.gov/MARC21/slim"><record><leader>00620nam--2200181-i-4500</leader><controlfield tag="001">000020422</controlfield><controlfield tag="002">20161230</controlfield><controlfield tag="005">20161230201033</controlfield><controlfield tag="008">060222s1000------------r-----000-0-eng-d</controlfield><datafield ind1=" " ind2=" " tag="040"><subfield code="a">IFIN-HH</subfield></datafield><datafield ind1=" " ind2=" " tag="080"><subfield code="a">538.94(075.9)</subfield></datafield><datafield ind1="1" ind2=" " tag="100"><subfield code="a">Maradudin, A.A</subfield></datafield><datafield ind1="1" ind2="0" tag="245"><subfield code="a">Elementary excitations in solids</subfield><subfield code="b">The cortina lectures, july 1966, and selected lectures from the conference on localized excitations, milan, july 25-26, 1966</subfield><subfield code="c">A.a. maradudin, g.f. nardelli (eds.)</subfield></datafield><datafield ind1=" " ind2=" " tag="260"><subfield code="a">New York</subfield><subfield code="b">Plenum Press</subfield><subfield code="c">1969</subfield></datafield><datafield ind1=" " ind2=" " tag="300"><subfield code="a">IX + 526 P</subfield></datafield><datafield ind1="1" ind2=" " tag="700"><subfield code="a">Nardelli, G.F</subfield><subfield code="e">Ed</subfield></datafield><datafield ind1=" " ind2=" " tag="852"><subfield code="a">32428</subfield><subfield code="c">539.2</subfield></datafield><datafield ind1=" " ind2=" " tag="CAT"><subfield code="a">Sys</subfield><subfield code="c">20121017</subfield><subfield code="h">145223</subfield></datafield></record></collection>